%% This BibTeX bibliography file was created using BibDesk.
%% http://bibdesk.sourceforge.net/

%% Created for cismay at 2016-07-24 13:03:51 -0700


%% Saved with string encoding Unicode (UTF-8)



@article{tidy,
	Author = {Hadley Wickham},
	Date-Modified = {2016-07-24 20:03:51 +0000},
	Journal = {Journal of Statistical Software},
	Keywords = {tidy data},
	Month = {September},
	Number = {Issue 10},
	Title = {Tidy Data},
	Url = {https://www.jstatsoft.org/index.php/jss/article/view/v059i10/v59i10.pdf},
	Volume = {Volume 59},
	Year = {2014},
	Bdsk-Url-1 = {https://www.jstatsoft.org/index.php/jss/article/view/v059i10/v59i10.pdf}}


@article{Efron1979,
	Author = {Bradley Efron},
	Journal = {The Annals of Statistics},
	Keywords = {bootstrap, jackknife, resampling},
	Month = {January},
	Number = {1},
	Title = {Bootstrap Methods: Another Look at The Jackknife},
	Volume = {Volume 7},
	Year = {1979},
	Bdsk-Url-1 = {https://www.jstor.org/stable/2958830}}


@article{Hall1986,
	Author = {Peter Hall},
	Journal = {The Annals of Statistics},
	Keywords = {bootstrap, confidence intervals},
	Number = {4},
	Title = {On the Bootstrap and Confidence Intervals},
	Volume = {Volume 14},
	Year = {1986},
	Bdsk-Url-1 = {http://www.jstor.org/stable/2241480}}

@article{EfronTibshi1986,
	Author = {Bradley Efron and Robert Tibshirani},
	Journal = {Statistical Science},
	Keywords = {bootstrap, confidence intervals},
	Number = {1},
	Title = {Bootstrap Methods for Standard Errors, Confidence Intervals, and Other Measures of Statistical Accuracy},
	Volume = {Volume 1},
	Year = {1986},
	Bdsk-Url-1 = {http://www.jstor.org/stable/2245500}}

@article{Hall1988,
	Author = {Peter Hall},
	Journal = {The Annals of Statistics},
	Keywords = {bootstrap, confidence intervals},
	Number = {3},
	Title = {Theoretical Comparison of Bootstrap Confidence Intervals},
	Volume = {Volume 16},
	Year = {1988},
	Bdsk-Url-1 = {http://www.jstor.org/stable/2241604}}
