%% This BibTeX bibliography file was created using BibDesk.
%% http://bibdesk.sourceforge.net/

%% Created for cismay at 2016-07-29 15:18:38 -0500


%% Saved with string encoding Unicode (UTF-8)

@book{islr2021,
    title = {An Introduction to Statistical Learning: with Applications in R},
    author = {Gareth James and Daniela Witten and Trevor Hastie and Robert Tibshirani},
    year = {2021},
    edition = {Second},
    publisher = {Springer},
    address = {New York, NY},
    isbn = {978-1071614174}
}

@book{islr2017,
    title = {An Introduction to Statistical Learning: with Applications in R},
    author = {Gareth James and Daniela Witten and Trevor Hastie and Robert Tibshirani},
    year = {2017},
    edition = {First},
    publisher = {Springer},
    address = {New York, NY},
    isbn = {978-1461471370}
}

@book{hester2011,
    title = {Mathematical Statistics with Resampling and R},
    author = {Laura M. Chihara and Tim C. Hesterberg},
    year = {2011},
    edition = {First},
    publisher = {John Wiley \& Sons},
    address = {Hoboken, NJ},
    url = {https://github.com/lchihara/MathStatsResamplingR/tree/main},
    isbn = {978-1118029855}
}

@book{usedtor2016,
    title = {Getting Used to R, {RStudio}, and R Markdown},
    author = {Chester Ismay and Patrick C. Kennedy},
    year = {2016},
    url = {https://rbasics.netlify.com}
}

@book{isrs2014,
    title = {Introductory Statistics with Randomization and Simulation},
    author = {David M Diez and Christopher D Barr and Mine \c{C}etinkaya-Rundel},
    year = {2014},
    edition = {First},
    publisher = {CreateSpace Independent Publishing Platform},
    address = {Scotts Valley, CA},
    url = {https://www.openintro.org/stat/textbook.php?stat_book=isrs},
    isbn = {978-1500576691}
}

@book{rds2016,
    title = {R for Data Science},
    author = {Garrett Grolemund and Hadley Wickham},
    year = {2017},
    edition = {First},
    publisher = {O'Reilly Media},
    address = {Sebastopol, CA},
    url = {https://r4ds.had.co.nz/},
    isbn = {978-1491910399}
}

@book{robbins2013,
    title = {Creating More Effective Graphs},
    author = {Naomi Robbins},
    year = {2013},
    edition = {First},
    publisher = {Chart House},
    address = {New York, NY},
    isbn = {978-0985911126}
}

@book{wilkinson2005,
    title = {The Grammar of Graphics (Statistics and Computing)},
    author = {Leland Wilkinson},
    year = {2005},
    edition = {First},
    publisher = {Springer-Verlag},
    address = {Secaucus, NJ},
    isbn = {978-0387245447}
}

@book{Chernick2011,
    title = {An Introduction to Bootstrap Methods with Applications to R},
    author = {Michael R. Chernick and Robert A. LaBudde},
    year = {2011},
    edition = {First},
    publisher = {Wiley},
    address = {Hoboken, NJ},
    isbn = {978-0470467046}
}

@book{Hall1992,
    title = {The Bootstrap and Edgeworth Expansion},
    author = {Peter Hall},
    year = {1992},
    edition = {First},
    publisher = {Springer series in statistics},
    address = {New York},
    isbn = {0-38797720-1}
}
