@Manual{R-base,
  title = {R: A Language and Environment for Statistical Computing},
  author = {{R Core Team}},
  organization = {R Foundation for Statistical Computing},
  address = {Vienna, Austria},
  year = {2024},
  url = {https://www.R-project.org/},
}

@Manual{R-bookdown,
  title = {bookdown: Authoring Books and Technical Documents with R Markdown},
  author = {Yihui Xie},
  year = {2024},
  note = {R package version 0.40},
  url = {https://github.com/rstudio/bookdown},
}

@Manual{R-broom,
  title = {broom: Convert Statistical Objects into Tidy Tibbles},
  author = {David Robinson and Alex Hayes and Simon Couch},
  year = {2024},
  note = {R package version 1.0.6},
  url = {https://broom.tidymodels.org/},
}

@Manual{R-dplyr,
  title = {dplyr: A Grammar of Data Manipulation},
  author = {Hadley Wickham and Romain François and Lionel Henry and Kirill Müller and Davis Vaughan},
  year = {2023},
  note = {R package version 1.1.4},
  url = {https://dplyr.tidyverse.org},
}

@Manual{R-fivethirtyeight,
  title = {fivethirtyeight: Data and Code Behind the Stories and Interactives at
FiveThirtyEight},
  author = {Albert Y. Kim and Chester Ismay and Jennifer Chunn},
  year = {2021},
  note = {R package version 0.6.2},
  url = {https://github.com/rudeboybert/fivethirtyeight},
}

@Manual{R-forcats,
  title = {forcats: Tools for Working with Categorical Variables (Factors)},
  author = {Hadley Wickham},
  year = {2023},
  note = {R package version 1.0.0},
  url = {https://forcats.tidyverse.org/},
}

@Manual{R-gapminder,
  title = {gapminder: Data from Gapminder},
  author = {Jennifer Bryan},
  year = {2023},
  note = {R package version 1.0.0},
  url = {https://github.com/jennybc/gapminder},
}

@Manual{R-ggplot2,
  title = {ggplot2: Create Elegant Data Visualisations Using the Grammar of Graphics},
  author = {Hadley Wickham and Winston Chang and Lionel Henry and Thomas Lin Pedersen and Kohske Takahashi and Claus Wilke and Kara Woo and Hiroaki Yutani and Dewey Dunnington and Teun {van den Brand}},
  year = {2024},
  note = {R package version 3.5.1},
  url = {https://ggplot2.tidyverse.org},
}

@Manual{R-ggplot2movies,
  title = {ggplot2movies: Movies Data},
  author = {Hadley Wickham},
  year = {2015},
  note = {R package version 0.0.1},
  url = {https://CRAN.R-project.org/package=ggplot2movies},
}

@Manual{R-ggrepel,
  title = {ggrepel: Automatically Position Non-Overlapping Text Labels with
ggplot2},
  author = {Kamil Slowikowski},
  year = {2024},
  note = {R package version 0.9.5},
  url = {https://ggrepel.slowkow.com/},
}

@Manual{R-gridExtra,
  title = {gridExtra: Miscellaneous Functions for "Grid" Graphics},
  author = {Baptiste Auguie},
  year = {2017},
  note = {R package version 2.3},
  url = {https://CRAN.R-project.org/package=gridExtra},
}

@Manual{R-infer,
  title = {infer: Tidy Statistical Inference},
  author = {Andrew Bray and Chester Ismay and Evgeni Chasnovski and Simon Couch and Ben Baumer and Mine Cetinkaya-Rundel},
  year = {2024},
  note = {R package version 1.0.7},
  url = {https://github.com/tidymodels/infer},
}

@Manual{R-ISLR2,
  title = {ISLR2: Introduction to Statistical Learning, Second Edition},
  author = {Gareth James and Daniela Witten and Trevor Hastie and Rob Tibshirani},
  year = {2022},
  note = {R package version 1.3-2},
  url = {https://www.statlearning.com},
}

@Manual{R-janitor,
  title = {janitor: Simple Tools for Examining and Cleaning Dirty Data},
  author = {Sam Firke},
  year = {2023},
  note = {R package version 2.2.0},
  url = {https://github.com/sfirke/janitor},
}

@Manual{R-kableExtra,
  title = {kableExtra: Construct Complex Table with kable and Pipe Syntax},
  author = {Hao Zhu},
  year = {2024},
  note = {R package version 1.4.0},
  url = {http://haozhu233.github.io/kableExtra/},
}

@Manual{R-knitr,
  title = {knitr: A General-Purpose Package for Dynamic Report Generation in R},
  author = {Yihui Xie},
  year = {2024},
  note = {R package version 1.48},
  url = {https://yihui.org/knitr/},
}

@Manual{R-lubridate,
  title = {lubridate: Make Dealing with Dates a Little Easier},
  author = {Vitalie Spinu and Garrett Grolemund and Hadley Wickham},
  year = {2023},
  note = {R package version 1.9.3},
  url = {https://lubridate.tidyverse.org},
}

@Manual{R-moderndive,
  title = {moderndive: Tidyverse-Friendly Introductory Linear Regression},
  author = {Albert Y. Kim and Chester Ismay},
  year = {2024},
  note = {R package version 0.7.0},
  url = {https://moderndive.github.io/moderndive/},
}

@Manual{R-mvtnorm,
  title = {mvtnorm: Multivariate Normal and t Distributions},
  author = {Alan Genz and Frank Bretz and Tetsuhisa Miwa and Xuefei Mi and Torsten Hothorn},
  year = {2024},
  note = {R package version 1.2-6},
  url = {http://mvtnorm.R-forge.R-project.org},
}

@Manual{R-nycflights23,
  title = {nycflights23: Flights and Other Useful Metadata for NYC Outbound Flights in
2023},
  author = {Chester Ismay and Simon P. Couch and Hadley Wickham},
  year = {2024},
  note = {R package version 0.1.0},
  url = {https://moderndive.github.io/nycflights23/},
}

@Manual{R-patchwork,
  title = {patchwork: The Composer of Plots},
  author = {Thomas Lin Pedersen},
  year = {2024},
  note = {R package version 1.2.0},
  url = {https://patchwork.data-imaginist.com},
}

@Manual{R-purrr,
  title = {purrr: Functional Programming Tools},
  author = {Hadley Wickham and Lionel Henry},
  year = {2023},
  note = {R package version 1.0.2},
  url = {https://purrr.tidyverse.org/},
}

@Manual{R-readr,
  title = {readr: Read Rectangular Text Data},
  author = {Hadley Wickham and Jim Hester and Jennifer Bryan},
  year = {2024},
  note = {R package version 2.1.5},
  url = {https://readr.tidyverse.org},
}

@Manual{R-rmarkdown,
  title = {rmarkdown: Dynamic Documents for R},
  author = {JJ Allaire and Yihui Xie and Christophe Dervieux and Jonathan McPherson and Javier Luraschi and Kevin Ushey and Aron Atkins and Hadley Wickham and Joe Cheng and Winston Chang and Richard Iannone},
  year = {2024},
  note = {R package version 2.28},
  url = {https://github.com/rstudio/rmarkdown},
}

@Manual{R-scales,
  title = {scales: Scale Functions for Visualization},
  author = {Hadley Wickham and Thomas Lin Pedersen and Dana Seidel},
  year = {2023},
  note = {R package version 1.3.0},
  url = {https://scales.r-lib.org},
}

@Manual{R-sessioninfo,
  title = {sessioninfo: R Session Information},
  author = {Hadley Wickham and Winston Chang and Robert Flight and Kirill Müller and Jim Hester},
  year = {2021},
  note = {R package version 1.2.2},
  url = {https://github.com/r-lib/sessioninfo#readme},
}

@Manual{R-stringr,
  title = {stringr: Simple, Consistent Wrappers for Common String Operations},
  author = {Hadley Wickham},
  year = {2023},
  note = {R package version 1.5.1},
  url = {https://stringr.tidyverse.org},
}

@Manual{R-tibble,
  title = {tibble: Simple Data Frames},
  author = {Kirill Müller and Hadley Wickham},
  year = {2023},
  note = {R package version 3.2.1},
  url = {https://tibble.tidyverse.org/},
}

@Manual{R-tidyr,
  title = {tidyr: Tidy Messy Data},
  author = {Hadley Wickham and Davis Vaughan and Maximilian Girlich},
  year = {2024},
  note = {R package version 1.3.1},
  url = {https://tidyr.tidyverse.org},
}

@Manual{R-tidyverse,
  title = {tidyverse: Easily Install and Load the Tidyverse},
  author = {Hadley Wickham},
  year = {2023},
  note = {R package version 2.0.0},
  url = {https://tidyverse.tidyverse.org},
}

@Manual{R-viridis,
  title = {viridis: Colorblind-Friendly Color Maps for R},
  author = {Simon Garnier},
  year = {2024},
  note = {R package version 0.6.5},
  url = {https://sjmgarnier.github.io/viridis/},
}

@Manual{R-viridisLite,
  title = {viridisLite: Colorblind-Friendly Color Maps (Lite Version)},
  author = {Simon Garnier},
  year = {2023},
  note = {R package version 0.4.2},
  url = {https://sjmgarnier.github.io/viridisLite/},
}

@Book{bookdown2016,
  title = {bookdown: Authoring Books and Technical Documents with {R} Markdown},
  author = {Yihui Xie},
  publisher = {Chapman and Hall/CRC},
  address = {Boca Raton, Florida},
  year = {2016},
  isbn = {978-1138700109},
  url = {https://bookdown.org/yihui/bookdown},
}

@Article{fivethirtyeight2018,
  author = {Albert Y. Kim and Chester Ismay and Jennifer Chunn},
  title = {The fivethirtyeight R Package: 'Tame Data' Principles for Introductory Statistics and Data Science Courses},
  journal = {Technology Innovations in Statistics Education},
  year = {2018},
  volume = {11},
  issue = {1},
  url = {https://escholarship.org/uc/item/0rx1231m},
}

@Book{ggplot22016,
  author = {Hadley Wickham},
  title = {ggplot2: Elegant Graphics for Data Analysis},
  publisher = {Springer-Verlag New York},
  year = {2016},
  isbn = {978-3-319-24277-4},
  url = {https://ggplot2.tidyverse.org},
}

@Article{infer2021,
  title = {{infer}: An {R} package for tidyverse-friendly statistical inference},
  author = {Simon P. Couch and Andrew P. Bray and Chester Ismay and Evgeni Chasnovski and Benjamin S. Baumer and Mine Çetinkaya-Rundel},
  journal = {Journal of Open Source Software},
  year = {2021},
  volume = {6},
  number = {65},
  pages = {3661},
  doi = {10.21105/joss.03661},
}

@Book{knitr2015,
  title = {Dynamic Documents with {R} and knitr},
  author = {Yihui Xie},
  publisher = {Chapman and Hall/CRC},
  address = {Boca Raton, Florida},
  year = {2015},
  edition = {2nd},
  note = {ISBN 978-1498716963},
  url = {https://yihui.org/knitr/},
}

@InCollection{knitr2014,
  booktitle = {Implementing Reproducible Computational Research},
  editor = {Victoria Stodden and Friedrich Leisch and Roger D. Peng},
  title = {knitr: A Comprehensive Tool for Reproducible Research in {R}},
  author = {Yihui Xie},
  publisher = {Chapman and Hall/CRC},
  year = {2014},
  note = {ISBN 978-1466561595},
}

@Article{lubridate2011,
  title = {Dates and Times Made Easy with {lubridate}},
  author = {Garrett Grolemund and Hadley Wickham},
  journal = {Journal of Statistical Software},
  year = {2011},
  volume = {40},
  number = {3},
  pages = {1--25},
  url = {https://www.jstatsoft.org/v40/i03/},
}

@Article{moderndive2021,
  author = {Albert Y. Kim and Chester Ismay and Max Kuhn},
  title = {Take a moderndive into introductory linear regression with R},
  journal = {The Journal of Open Source Education},
  year = {2021},
  volume = {4},
  number = {41},
  issue = {115},
  url = {https://doi.org/10.21105/jose.00115},
}

@Book{mvtnorm2009,
  title = {Computation of Multivariate Normal and t Probabilities},
  author = {Alan Genz and Frank Bretz},
  series = {Lecture Notes in Statistics},
  year = {2009},
  publisher = {Springer-Verlag},
  address = {Heidelberg},
  isbn = {978-3-642-01688-2},
}

@Book{rmarkdown2018,
  title = {R Markdown: The Definitive Guide},
  author = {Yihui Xie and J.J. Allaire and Garrett Grolemund},
  publisher = {Chapman and Hall/CRC},
  address = {Boca Raton, Florida},
  year = {2018},
  isbn = {9781138359338},
  url = {https://bookdown.org/yihui/rmarkdown},
}

@Book{rmarkdown2020,
  title = {R Markdown Cookbook},
  author = {Yihui Xie and Christophe Dervieux and Emily Riederer},
  publisher = {Chapman and Hall/CRC},
  address = {Boca Raton, Florida},
  year = {2020},
  isbn = {9780367563837},
  url = {https://bookdown.org/yihui/rmarkdown-cookbook},
}

@Article{tidyverse2019,
  title = {Welcome to the {tidyverse}},
  author = {Hadley Wickham and Mara Averick and Jennifer Bryan and Winston Chang and Lucy D'Agostino McGowan and Romain François and Garrett Grolemund and Alex Hayes and Lionel Henry and Jim Hester and Max Kuhn and Thomas Lin Pedersen and Evan Miller and Stephan Milton Bache and Kirill Müller and Jeroen Ooms and David Robinson and Dana Paige Seidel and Vitalie Spinu and Kohske Takahashi and Davis Vaughan and Claus Wilke and Kara Woo and Hiroaki Yutani},
  year = {2019},
  journal = {Journal of Open Source Software},
  volume = {4},
  number = {43},
  pages = {1686},
  doi = {10.21105/joss.01686},
}

@Manual{viridis2024,
  title = {{viridis(Lite)} - Colorblind-Friendly Color Maps for R},
  author = {{Garnier} and {Simon} and {Ross} and {Noam} and {Rudis} and {Robert} and {Camargo} and Antônio Pedro and {Sciaini} and {Marco} and {Scherer} and {Cédric}},
  year = {2024},
  note = {viridis package version 0.6.5},
  url = {https://sjmgarnier.github.io/viridis/},
  doi = {10.5281/zenodo.4679423},
}

@Manual{viridisLite2023,
  title = {{viridis(Lite)} - Colorblind-Friendly Color Maps for R},
  author = {{Garnier} and {Simon} and {Ross} and {Noam} and {Rudis} and {Robert} and {Camargo} and Antônio Pedro and {Sciaini} and {Marco} and {Scherer} and {Cédric}},
  year = {2023},
  note = {viridisLite package version 0.4.2},
  url = {https://sjmgarnier.github.io/viridis/},
  doi = {10.5281/zenodo.4678327},
}

